<record><leader>00000cas a2200000 a 4500</leader><controlfield tag="001">27829120</controlfield><controlfield tag="008">930330d1uuu19uuiluir ne      0   a0eng c</controlfield><datafield ind1=" " ind2=" " tag="010"><subfield code="a">sn 93055452 </subfield></datafield><datafield ind1=" " ind2=" " tag="040"><subfield code="a">NVF</subfield><subfield code="b">eng</subfield><subfield code="c">NVF</subfield><subfield code="d">NVF</subfield><subfield code="d">OCLCQ</subfield><subfield code="d">OCLCF</subfield><subfield code="d">OCLCO</subfield><subfield code="d">NVF</subfield></datafield><datafield ind1=" " ind2=" " tag="042"><subfield code="a">pcc</subfield></datafield><datafield ind1=" " ind2=" " tag="043"><subfield code="a">n-us-il</subfield></datafield><datafield ind1="0" ind2=" " tag="130"><subfield code="a">Popular review (Lincoln, Ill.)</subfield></datafield><datafield ind1="0" ind2="4" tag="245"><subfield code="a">The popular review.</subfield></datafield><datafield ind1=" " ind2=" " tag="260"><subfield code="a">Lincoln, Ill. :</subfield><subfield code="b">Emil Sexauer &amp; Son</subfield></datafield><datafield ind1=" " ind2=" " tag="300"><subfield code="a">v.</subfield></datafield><datafield ind1=" " ind2=" " tag="310"><subfield code="a">Triweekly,</subfield><subfield code="b">Apr. 28, 1919-&lt;May 12, 1920&gt;</subfield></datafield><datafield ind1=" " ind2=" " tag="321"><subfield code="a">Semiweekly,</subfield><subfield code="b">&lt;Sept. 18, 1918&gt;-Apr. 25, 1919</subfield></datafield><datafield ind1=" " ind2=" " tag="588"><subfield code="a">Description based on: Vol. 44, no. 85 (Sept. 18, 1918).</subfield></datafield><datafield ind1=" " ind2=" " tag="588"><subfield code="a">Latest issue consulted: Vol. 47, no. 5 (May 12, 1920).</subfield></datafield><datafield ind1=" " ind2="0" tag="651"><subfield code="a">Lincoln (Ill.)</subfield><subfield code="v">Newspapers.</subfield></datafield><datafield ind1=" " ind2="7" tag="651"><subfield code="a">Illinois</subfield><subfield code="z">Lincoln.</subfield><subfield code="2">fast</subfield><subfield code="0">(OCoLC)fst01225922</subfield></datafield><datafield ind1=" " ind2="7" tag="655"><subfield code="a">Newspapers.</subfield><subfield code="2">fast</subfield><subfield code="0">(OCoLC)fst01423814</subfield></datafield><datafield ind1=" " ind2=" " tag="752"><subfield code="a">United States</subfield><subfield code="b">Illinois</subfield><subfield code="c">Logan County</subfield><subfield code="d">Lincoln.</subfield></datafield><datafield ind1="1" ind2=" " tag="029"><subfield code="a">AU@</subfield><subfield code="b">000020739216</subfield></datafield></record>